@ARTICLE{2012arXiv1207.1315M,
   author = {{Merelo}, J.~J. and {Mora}, A.~M. and {Cotta}, C. and {Runarsson}, T.~P.
	},
    title = "{An experimental study of exhaustive solutions for the Mastermind puzzle}",
  journal = {ArXiv e-prints},
archivePrefix = "arXiv",
   eprint = {1207.1315},
 keywords = {Computer Science - Neural and Evolutionary Computing, Mathematics - Optimization and Control},
     year = 2012,
    month = jul,
   adsurl = {http://adsabs.harvard.edu/abs/2012arXiv1207.1315M},
  adsnote = {Provided by the SAO/NASA Astrophysics Data System}
}

